% Encoding: UTF-8

@InProceedings{ref1,
  author    = {author1 and author2},
  title     = {Title},
  booktitle = {Proceedings of 2017 RoboCup},
  year      = {2017},
  publisher = {publisher}
}

@Comment{jabref-meta: databaseType:bibtex;}
